2504 4118
502 319 547 364 AD
562 318 590 362 V·
605 331 709 377 399-414
1043 343 1090 386 111

109 500 262 564 Lucretio
284 502 322 578 (1,
347 499 414 577 163;
445 519 472 578 2,
498 501 570 580 1089
596 517 626 564 et
646 513 757 580 quater
780 499 812 561 in
833 500 959 581 quinto;
990 522 1018 581 2,
1038 503 1091 564 821

108 616 202 659 omne
215 614 319 676 genus
333 594 468 675 perfiesn
487 595 641 658 coloribus
660 596 693 658 in
707 614 826 676 genere
838 595 933 675 omne)
954 596 1095 677 Vergilio

109 692 233 771 (georg.
248 709 275 767 2,
290 709 342 766 2ο;
364 689 391 767 3,
404 689 463 767 480
476 692 555 751 Aen.
567 691 594 768 8,
609 691 676 768 628)
693 689 769 764 aliis,
785 688 822 752 cf.
835 689 927 752 Ovid.
940 690 1006 752 fast.
1017 711 1046 770 4,
1057 710 1096 770 94

110 800 143 847 et
158 806 205 865 99.
246 784 323 846 alter
344 802 440 863 quem
460 784 693 864 expediendum
714 782 777 844 dixi
797 798 890 846 restat
910 804 1017 847 versus
1036 787 1095 864 408
1108 796 1147 842 408

109 878 164 941 cni
179 878 291 961 gloria
300 878 434 958 formae
458 877 531 959 igne
557 877 728 959 Cupidineo
745 877 897 959 proprios
920 879 1046 944 exarsi!
1063 879 1096 943 in

108 982 211 1047 artus,
231 973 264 1034 in
285 992 350 1054 quo
371 992 436 1035 non
457 972 649 1054 intellegitur
669 973 723 1053 qui
742 974 791 1034 vel
805 973 907 1054 gloria
927 973 977 1034 vel
997 973 1095 1054 gratia

109 1069 233 1132 formae
253 1068 287 1130 in
307 1083 400 1145 artus,
425 1067 444 1128 i.
465 1087 491 1128 e.
513 1068 694 1148 pulcritudo
719 1068 753 1128 in
772 1067 1020 1148 pulcritudinem
1041 1088 1095 1129 ex-

109 1163 221 1226 ardere
251 1163 362 1244 possit;
396 1183 470 1225 nam
494 1161 606 1244 gloria
626 1162 760 1242 formae
790 1162 823 1223 in
852 1162 911 1226 hac
941 1162 1094 1225 enuntiati

109 1257 214 1339 specie
227 1258 381 1339 significat
395 1258 532 1321 formam
547 1257 729 1337 gloriosam.
764 1257 918 1318 mendum
931 1256 1093 1320 sustulisse

108 1352 190 1414 mihi
209 1351 320 1415 videor
339 1353 403 1415 leni
424 1366 614 1416 correctura:
644 1351 707 1431 qui,
725 1351 838 1433 gloria
851 1352 994 1432 sorrnue,
1021 1352 1094 1432 egene

113 1446 285 1528 Cupidineo
292 1447 440 1530 proprius
452 1446 578 1511 exarsit
588 1445 621 1508 in
634 1455 734 1519 artus,
749 1446 837 1509 cuius
853 1447 973 1527 figurae
987 1466 1094 1508 exem-

108 1542 163 1622 pla
183 1542 208 1604 si
228 1542 330 1605 afferri
351 1561 431 1623 opus
456 1556 510 1619 est,
540 1540 579 1603 cf.
601 1540 701 1602 Gratti
725 1561 793 1622 eyn.
815 1542 872 1602 256
902 1541 984 1604 thoes
1013 1561 1092 1603 cone·

107 1634 230 1709 messos,
250 1636 430 1701 clurirsinea
439 1637 549 1717 sarna,
570 1635 670 1698 leones
688 1671 725 1681 -
740 1634 894 1698 domuere.
935 1635 968 1697 in
989 1634 1164 1706 frontertesq

108 1730 226 1793 tumuli
246 1731 302 1812 qui
322 1732 496 1793 collocatur
515 1730 624 1793 titulus
649 1730 681 1791 in
702 1729 765 1791 vita
784 1729 902 1811 Vergili
923 1729 1041 1792 Donati
1062 1746 1093 1793 et

109 1825 237 1888 Phocae
258 1825 408 1906 repetitur
427 1826 514 1888 nulla
534 1825 678 1888 lectionis
693 1825 848 1888 varietate.
889 1824 1093 1906 coniungitur

108 1939 176 1981 non
196 1918 258 1983 lule
277 1920 411 1983 rnerenti
430 1921 485 1982 sed
511 1919 568 1983 tibi
584 1920 718 1984 ruerenti
738 1919 845 1982 reddit
860 1918 922 1983 urle
941 1919 1090 2000 officium.

108 2014 215 2095 itaque
246 2034 304 2077 nos
335 2034 464 2096 quoque
496 2015 656 2094 Culicem,
690 2031 858 2096 postquam
893 2013 1027 2076 merenti
1057 2029 1092 2076 ut
1191 2093 1192 2096 Ἴ

109 2124 258 2191 putamus
279 2109 383 2171 debita
403 2109 484 2173 iusta
504 2109 645 2187 fecimus,
666 2110 769 2171 valere
790 2109 964 2171 iubeamus.
