2498 4104
190 337 227 415 34
550 330 808 379 counuurnntvs

187 535 246 596 que
269 513 354 575 cauit
375 526 436 576 uon
457 513 580 594 pagiua
600 511 714 575 bellum
738 511 826 574 triste
847 509 932 574 Ioves
954 512 1099 593 ponitque
1118 515 1171 589 [iu

191 609 319 691 Olympo
334 607 453 682 Pelion,
473 607 524 671 lu'e
543 611 619 683 uon]
640 604 794 687 Phlegra,
819 605 973 688 Giganteo
990 617 1107 688 sparsa
1126 619 1174 671 est

186 725 266 785 quae
277 702 431 784 sanguim
447 701 545 765 tellus.
566 735 604 748 -
624 701 700 764 item
713 701 926 763 Buechelerus
947 701 1094 783 disputat,
1113 703 1171 765 sed

186 797 376 880 elegantiore
397 796 495 859 utitur
513 797 748 877 supplemento:
771 795 920 876 ponitque
942 796 1041 872 [acres
1059 798 1172 879 quibus

147 907 173 951 st
186 893 315 956 lurruit
329 892 419 969 olim]
433 891 585 973 Phlegra.
608 925 644 936 —
665 911 693 952 v.
706 892 743 953 32
764 889 833 951 Itali
853 890 1109 955 emendaverunt.
1130 929 1170 947 -ψ

147 1004 174 1048 ss
186 1004 258 1069 post
278 987 391 1050 reiecta
412 985 492 1067 epici
511 985 657 1048 carminis
677 998 863 1065 argumenta
885 1005 912 1045 v.
928 985 963 1046 35
987 987 1098 1050 nullia
1114 989 1175 1051 sed

185 1082 271 1145 tenui
279 1082 361 1164 pede
384 1101 515 1144 currere
534 1079 680 1142 carmiru
702 1077 839 1159 (pagiua
858 1078 993 1160 gaudet)
1018 1083 1113 1144 verba
1139 1099 1170 1146 et

141 1214 145 1219 ·
185 1177 329 1239 absoluta
352 1195 447 1238 sensu
473 1190 503 1237 et
528 1193 675 1238 sermone
695 1171 833 1254 perfecta
859 1171 907 1250 (cf.
928 1193 957 1234 v.
977 1193 1019 1253 17,
1041 1176 1105 1238 Cir.
1120 1197 1168 1256 20,

186 1273 263 1334 Hor.
278 1287 332 1333 sat.
347 1290 374 1350 a,
394 1291 416 1347 1,
431 1271 483 1348 283
508 1291 532 1348 1,
550 1290 592 1347 10,
619 1291 628 1330 t
652 1266 848 1348 incomposite
861 1266 934 1330 deici
945 1268 1025 1349 pede
1037 1290 1169 1334 currere

184 1387 294 1428 versus
312 1365 423 1444 Lucili]
449 1385 515 1426 non
541 1363 735 1427 mutabimus
759 1381 818 1423 nec
844 1362 1032 1426 mirabimur
1058 1365 1091 1426 in
1119 1367 1169 1429 his

185 1481 279 1523 versu
292 1459 415 1523 uiribus
427 1469 502 1540 apta
512 1459 579 1522 suis
593 1457 718 1521 Phoebo
730 1456 806 1518 duce
819 1455 928 1519 ludere
936 1458 1065 1538 gaudet,
1086 1481 1169 1542 quae

185 1571 332 1618 revocant
341 1553 421 1615 illud
431 1552 562 1635 Vergilii
572 1551 739 1632 Syracosio
749 1549 882 1631 diguam
891 1551 1053 1615 estludere
1062 1574 1168 1629 versu,

185 1669 259 1711 cum
279 1662 410 1709 accentu
435 1647 467 1709 in
493 1647 556 1708 fine
580 1664 687 1708 versus
711 1644 852 1725 positum
871 1665 980 1721 uersu;
1004 1667 1079 1710 nam
1099 1651 1168 1712 ludi

184 1757 287 1823 potest
300 1742 366 1803 sine
386 1761 478 1803 versu
499 1741 565 1818 (ecl.
586 1761 609 1818 r,
634 1760 668 1802 ro
687 1738 795 1802 ludere
815 1760 895 1820 queue
913 1741 1024 1805 uellem
1041 1744 1168 1810 'calaum

179 1835 327 1916 permisit
343 1835 474 1917 agreste]
495 1851 525 1898 et
544 1834 578 1896 in
591 1853 683 1896 versu
697 1833 843 1896 faciendo
857 1836 1058 1916 potissimum
1072 1841 1167 1903 huius

183 1946 292 2012 poetae
322 1929 487 2010 opificium
516 1929 657 2011 positum
687 1943 741 1990 est.
790 1929 886 1991 simili
916 1933 1015 1994 modo
1045 1940 1167 1998 nomen

183 2024 268 2086 addit
282 2023 448 2085 Lucretius
466 2044 490 2103 1,
508 2023 567 2102 416
587 2043 682 2106 quum
701 2021 761 2085 tibi
776 2022 815 2085 de
834 2025 947 2104 quavis
966 2047 1030 2090 unu
1044 2049 1081 2091 re
1093 2051 1167 2092 ver-

180 2118 267 2181 sibus
285 2117 386 2180 uuuis
405 2127 664 2199 argumentorum
683 2117 726 2180 sit
748 2117 836 2196 coptu
859 2119 958 2182 missa
976 2131 1040 2202 per
1060 2144 1166 2189 aures.

106 2269 110 2278 .
182 2213 374 2276 constructio
395 2213 438 2275 ita
456 2212 571 2274 variata
591 2226 645 2289 est,
666 2227 701 2273 ut
721 2211 753 2273 in
767 2212 873 2293 priore
890 2218 1036 2280 membro
1049 2220 1166 2299 pagina

182 2308 317 2388 gaudeat
342 2306 431 2388 quod
455 2306 593 2368 carmina
619 2321 756 2384 currant,
781 2306 814 2367 in
839 2309 937 2371 altero
962 2310 1029 2391 ipsa
1054 2314 1165 2378 ludere

142 2417 168 2462 st
181 2404 324 2483 gaudeat.
339 2437 376 2448 -
390 2401 447 2463 hoc
466 2400 524 2464 tibi
540 2422 568 2464 v.
582 2401 618 2480 37
639 2400 728 2482 quasi
748 2401 829 2462 redit
847 2403 888 2464 ad
901 2403 981 2466 illud
995 2405 1055 2468 tibi
1071 2428 1099 2467 v.
1116 2409 1165 2487 26,

182 2498 269 2578 quod
283 2499 381 2559 verbo
397 2495 543 2576 negativo
562 2509 729 2575 exceptum
748 2512 827 2573 erat3
848 2516 934 2560 nunc
954 2501 1165 2564 subaudimus

181 2593 238 2654 luc
247 2592 304 2654 tibi
315 2590 420 2666 (ludit)
432 2589 545 2671 pagina
556 2589 606 2650 vel
616 2589 773 2651 volumen.
795 2590 846 2665 hic
856 2591 953 2673 igitur
962 2593 1051 2656 lusus
1062 2617 1165 2676 puero

182 2687 319 2765 offertur,
340 2686 445 2747 futura
466 2685 532 2746 eius
552 2682 701 2765 gravitate
718 2704 784 2746 non
798 2685 927 2765 dignus;
952 2688 1008 2748 sed
1029 2708 1110 2769 quae
1131 2691 1165 2754 in

182 2800 281 2861 puero
302 2799 368 2842 non
389 2794 434 2840 est
454 2779 583 2840 materia
602 2778 712 2857 laudis,
733 2778 766 2840 in
779 2779 847 2841 viro
867 2782 924 2842 erit
938 2783 1080 2846 abunde:
1102 2786 1165 2849 hoc

182 2874 241 2936 sibi
257 2875 323 2936 vult
340 2872 555 2936 munerabilis
567 2872 688 2953 gloria.
728 2873 890 2953 epitheton
911 2894 977 2937 non
998 2878 1059 2940 vile
1081 2896 1111 2941 et
1132 2880 1165 2942 in

182 2969 322 3031 dicendis
343 2970 438 3030 rebus
457 2983 580 3030 tantum
593 2968 701 3029 valens
715 2985 869 3049 quantum
889 2969 922 3031 in
943 2971 1025 3034 notis
1047 2973 1166 3038 incluta

177 3062 288 3144 gloria
312 3064 400 3140 (Aen.
423 3081 451 3140 2,
475 3063 534 3141 82),
565 3061 603 3123 cf.
630 3066 708 3124 Aen.
737 3083 780 3140 ιο,
805 3082 862 3142 792
892 3084 948 3126 uec
977 3075 1013 3139 te,
1044 3068 1167 3133 iuvenis

181 3156 390 3229 memorande,
415 3155 511 3218 silebo
536 3172 567 3218 et
594 3177 675 3237 quae
700 3158 740 3218 ad
766 3157 929 3219 Ciceronis
955 3160 994 3220 de
1013 3162 1074 3242 leg.
1101 3185 1124 3244 1,
1146 3166 1166 3228 8

183 3251 343 3312 Vahlenus
364 3251 531 3314 adnotavit.
571 3253 705 3313 verbum
726 3252 813 3332 quod
832 3267 877 3314 est
890 3262 986 3316 certet
997 3257 1167 3322 confirmat

183 3346 294 3426 triplex
315 3346 533 3408 coniunctivus
554 3352 663 3419 (certet
680 3381 716 3392 -
737 3355 867 3409 maneat
889 3381 925 3391 -
944 3359 1165 3428 memoretur);

182 3439 336 3518 significat
356 3441 440 3502 idem
462 3442 549 3521 quod
563 3463 591 3502 v.
607 3442 663 3521 349
683 3441 786 3503 muris
799 3439 884 3503 unda
896 3439 1054 3505 sideribus
1067 3456 1170 3510 certat

182 3554 379 3615 consurgere,
405 3536 464 3597 nisi
486 3537 572 3616 quod
598 3537 641 3597 ibi
662 3551 696 3597 ut
717 3535 794 3596 solet
815 3553 888 3595 cum
908 3533 1065 3598 infinitivo
1088 3559 1167 3601 con-

182 3628 326 3690 iunctum
347 3645 400 3690 est.
442 3630 493 3691 hic
513 3639 544 3692 et
560 3630 618 3693 tibi
629 3630 742 3711 gloria
761 3638 857 3693 certet
873 3628 892 3689 i.
908 3648 933 3689 e.
955 3628 1012 3691 tibi
1033 3651 1166 3714 quoque
