2504 4118
174 1010 352 1123 Lusimus‚
373 1046 493 1124 Octavi,
513 1046 621 1126 gracili
641 1045 824 1108 modulante
845 1046 966 1126 Thalia,

107 1157 204 1223 atque
225 1158 259 1204 ut
279 1141 418 1202 araneoli
437 1155 566 1202 tenuem
587 1138 792 1202 formavimus
813 1159 936 1219 orsum;

108 1237 259 1300 lusimus:
281 1237 358 1297 haec
379 1249 509 1315 propter
529 1234 643 1296 culices
662 1234 724 1295 sint
745 1234 882 1297 carmina
902 1237 994 1302 docta

108 1315 214 1395 omnis
235 1346 265 1392 et
285 1329 431 1390 historiae
452 1349 508 1409 per
528 1328 640 1390 ludum
661 1344 813 1390 consonet
833 1330 913 1392 ordo

80 1452 83 1457 ·
107 1426 303 1504 notitiaeque
325 1424 444 1485 ducum
463 1442 565 1485 voces.
605 1424 677 1485 licet
696 1422 820 1485 invidus
840 1425 933 1488 adsit:
1101 1447 1114 1491 a

107 1518 253 1602 quisquis
273 1518 330 1605 erit
351 1517 477 1598 culpare
496 1517 584 1580 iocos
604 1536 791 1599 musamque
806 1534 947 1601 paratus,

107 1609 251 1698 pondere
271 1612 321 1674 vel
342 1610 450 1674 culicis
471 1611 571 1674 levior
590 1612 737 1694 famaque
758 1611 883 1677 feretur.

107 1708 265 1792 posterius
285 1706 428 1788 graviore
446 1726 527 1768 sono
547 1707 604 1769 tibi
624 1725 714 1769 musa
733 1707 882 1788 loquetur

109 1817 226 1880 nostra,
247 1802 368 1863 dabunt
389 1820 463 1862 cum
482 1821 610 1863 securos
630 1801 709 1864 mihi
728 1816 872 1885 tempora
895 1805 1022 1888 fructus,

108 1912 145 1960 ut
164 1897 221 1959 tibi
242 1897 337 1978 digna
356 1911 412 1958 tuo
433 1895 592 1977 poliantur
612 1896 750 1958 carmina
769 1917 871 1960 sensu.
1088 1920 1113 1967 to

169 1992 308 2055 Latonae
329 1990 499 2072 magnique
520 1991 602 2053 lovis
623 1992 718 2054 decus
739 2012 832 2055 aurea
852 1995 965 2076 proles,

109 2086 259 2149 Phoebus
280 2086 337 2148 erit
357 2085 456 2146 nostri
475 2084 620 2167 princeps
641 2101 671 2149 et
691 2088 836 2150 carminis
856 2106 966 2154 auctor

109 2177 142 2244 e‘t
160 2181 317 2243 recinente
338 2179 406 2260 lyra
426 2179 540 2260 fautor,
560 2181 624 2244 sive
645 2182 757 2245 educat
776 2183 867 2246 illurn

108 2279 195 2337 Arna
216 2275 406 2338 Chimaereo
426 2274 545 2337 Xanthi
564 2277 691 2358 perfusa
710 2276 834 2359 liquore

108 2390 165 2433 seu
185 2371 280 2433 decus
299 2370 440 2432 Asteriae
460 2390 516 2433 seu
537 2391 600 2452 qua
620 2372 767 2434 Parnasia
786 2393 880 2455 rupes
1086 2395 1111 2441 tt

109 2465 183 2528 hinc
202 2481 295 2548 atque
317 2466 390 2528 hinc
411 2465 517 2546 patula
538 2465 722 2546 praepandit
741 2486 861 2531 cornua
881 2470 983 2535 fronte

108 2560 325 2641 Castaliaeque
344 2580 460 2623 sonans
481 2559 603 2640 liquido
623 2560 704 2641 pede
724 2561 839 2624 labitur
859 2566 953 2629 unda.

109 2675 214 2736 quare,
235 2655 329 2717 Pierii
349 2655 449 2718 laticis
469 2655 574 2729 decus,
595 2653 646 2730 ite,
667 2674 790 2717 sorores

108 2750 233 2828 Naides,
253 2765 284 2812 et
304 2751 458 2813 celebrate
478 2750 574 2811 deum
593 2749 721 2810 ludente
742 2751 865 2814 chorea

109 2860 140 2907 et
158 2861 203 2924 tu,
222 2862 327 2908 sancta
347 2847 446 2919 Pales,
466 2845 506 2907 ad
527 2861 623 2924 quam
643 2859 774 2905 ventura
793 2847 924 2909 recurrit
1083 2866 1110 2910 aa

110 2956 267 3020 agrestum
286 2944 370 3005 bona
389 2956 535 3016 secura†‚
555 2938 594 3001 sit
614 2957 688 3000 cura
706 2940 840 3002 tenentis

109 3035 209 3097 aerios
228 3057 396 3100 nemorum
417 3024 519 3099 cultus
538 3033 692 3114 silvasque
712 3033 860 3097 virentes:

109 3145 141 3192 te
160 3132 286 3195 cultrice
305 3154 403 3215 vagus
423 3131 519 3192 saltus
539 3129 623 3191 feror
643 3127 723 3189 iuter
743 3143 773 3189 et
792 3145 887 3192 antra.

110 3240 141 3287 et
158 3241 202 3299 tu,
222 3230 273 3291 cui
292 3229 410 3292 meritis
431 3226 531 3289 oritur
551 3222 665 3285 fiducia
685 3222 807 3300 chartis,

160 3439 262 3493 cvm
279 3446 382 3495 PVBLII
396 3443 525 3492 VIRGILII
544 3439 688 3487 MARONIS
707 3437 824 3485 INCIPIT
838 3441 920 3494 {onassp
946 3454 1053 3490 zamam

109 3511 219 3565 milda
257 3531 283 3565 to
300 3519 398 3578 dignato
417 3515 548 3575 spoliantur
588 3523 613 3562 14
629 3509 690 3553 alma
731 3519 754 3562 ¹5
767 3508 871 3565 astrigeri
910 3523 933 3555 21
948 3520 1054 3559 tenentes

109 3587 206 3634 ²38⁸&

888 3682 896 3718 1
