2498 4104
219 319 250 360 12
627 298 732 345 cvenx

216 486 440 562 Aetnaeusque
461 480 610 562 Cyclops,
630 481 722 542 illum
743 480 896 542 Zanclaea
916 480 1095 563 Charybdis

215 578 431 658 pallentesque
452 577 539 637 lacus
560 591 590 637 et
609 573 752 656 squalida
772 573 902 637 Tartara
922 591 1047 639 terrent.

216 672 267 734 hic
288 687 318 733 et
337 671 508 733 Tantaleae
528 689 720 751 generamen
740 669 837 750 prolis
858 671 983 732 Atrides

148 786 188 830 aaa
216 767 347 842 adsidet,
366 765 523 847 Argivum
544 766 663 842 lumen,
684 783 750 845 quo
770 764 900 828 flamma
919 781 1048 846 regente

216 861 309 923 Doris
330 859 550 923 Erichthonias
570 857 736 940 prostravit
756 859 898 921 funditus
918 879 1013 921 arces.

215 956 360 1033 reddidit,
381 957 455 1032 heu,
477 953 591 1017 Graius
612 972 731 1033 poenas
751 953 817 1032 tibi,
837 952 945 1030 Troia,
966 955 1078 1034 ruenti,

216 1049 477 1133 Hellespontiacis
498 1049 643 1111 obiturus
662 1047 800 1110 reddidit
822 1048 926 1110 undis.

216 1146 269 1208 illa
288 1145 372 1207 vices
391 1143 561 1206 hominum
581 1158 691 1205 testata
711 1159 756 1205 est
777 1142 869 1223 copia
889 1143 1063 1223 quondam,

148 1259 189 1303 ato
215 1259 255 1301 ne
276 1239 444 1321 quisquam
464 1238 610 1321 propriae
631 1237 791 1300 Fortunae
811 1257 942 1299 munere
964 1237 1051 1299 dives

215 1335 273 1397 iret
291 1335 451 1396 inevectus
472 1334 595 1395 caelum
614 1352 723 1413 super:
745 1351 841 1394 omne
861 1332 1044 1414 propinquo

216 1429 369 1510 frangitur
389 1428 525 1490 invidiae
545 1429 609 1490 telo
631 1427 736 1490 decus.
776 1426 840 1489 ibat
863 1426 896 1488 in
917 1427 1016 1488 altum

214 1525 261 1586 vis
280 1529 385 1605 Argea
406 1539 514 1605 petens
535 1524 668 1605 patriam
689 1522 847 1603 ditataque
868 1522 984 1602 praeda

215 1619 293 1682 arcis
314 1618 554 1695 Erichthoniae;
575 1638 682 1680 comes
702 1617 776 1678 huic
796 1631 861 1678 erat
881 1636 957 1678 aura
976 1618 1114 1678 secunda

150 1730 189 1773 aro
215 1736 271 1796 per
291 1714 452 1796 placidum
473 1732 566 1774 cursu
587 1713 732 1794 pelagus;
753 1711 864 1772 Nereis
885 1713 924 1773 ab
946 1712 1031 1773 unda

215 1810 304 1890 signa
326 1810 427 1885 dabat,
448 1828 519 1888 pars
540 1807 661 1868 inflexis
680 1825 776 1886 super
799 1820 867 1867 acta
887 1805 1014 1867 carinis:

217 1923 290 1965 cum
310 1923 366 1965 seu
387 1901 510 1965 caelesti
531 1902 595 1964 fato
615 1922 671 1963 seu
691 1899 800 1962 sideris
822 1915 894 1962 ortu

217 1999 358 2079 undique
379 2013 518 2060 mutatur
538 1997 616 2059 caeli
637 1997 730 2074 nitor,
752 1995 860 2081 omnia
880 1993 991 2067 ventis,

217 2094 324 2175 omnia
344 2093 522 2155 turbinibus
543 2106 616 2153 sunt
637 2091 741 2168 anxia3
761 2089 825 2151 iam
846 2089 941 2150 maris
962 2087 1048 2148 unda

152 2200 191 2244 350
216 2187 371 2250 sideribus
392 2203 487 2249 certat
507 2206 698 2268 consurgere
717 2185 844 2266 iamque
864 2205 1000 2266 superne

217 2283 375 2363 corripere
396 2298 427 2344 et
446 2282 529 2344 soles
550 2297 580 2343 et
600 2281 702 2342 sidera
723 2295 835 2342 cuncta
855 2278 993 2341 minatur

217 2396 253 2438 ac
274 2396 364 2438 ruere
384 2376 417 2438 in
438 2391 534 2437 terras
555 2375 632 2437 caeli
653 2375 768 2456 fragor.
808 2373 859 2436 hic
880 2375 979 2436 modo
1000 2374 1080 2436 laeta

218 2469 306 2550 copia
327 2490 411 2532 nunc
432 2470 553 2531 miseris
573 2469 786 2531 circumdatur
806 2468 897 2530 anxia
919 2469 987 2531 fatis

218 2565 459 2646 immoriturque
479 2584 574 2644 super
594 2564 708 2625 fluctus
731 2579 762 2626 et
781 2584 856 2626 saxa
875 2564 1041 2645 Capherei,

153 2673 192 2717 aet
218 2659 375 2722 Euboicas
395 2674 449 2720 aut
468 2679 525 2740 per
546 2675 650 2721 cautes
669 2665 860 2740 Aegaeaque
881 2660 941 2720 late

217 2755 319 2832 litora,
341 2775 415 2817 cum
435 2753 591 2835 Phrygiae
617 2752 733 2834 passim
753 2773 832 2834 vaga
855 2754 971 2834 praeda
990 2766 1171 2833 peremptae

218 2851 348 2911 fluctuat
368 2849 471 2911 omnis
492 2849 525 2910 in
545 2868 705 2929 aequoreo
725 2848 887 2930 naufragia
907 2849 1027 2911 luctu.†

220 2944 280 3005 Hic
301 2943 352 3005 alii
372 2965 405 3006 se
427 2944 501 3005 dant
520 2943 633 3024 pariles
653 2944 775 3006 virtutis
799 2944 922 3005 honore

220 3039 341 3115 heroes,
362 3039 537 3119 mediisque
557 3038 607 3099 siti
626 3053 699 3099 sunt
719 3038 857 3115 sedibus,
877 3055 997 3112 omnes,

154 3143 194 3186 360
221 3151 332 3193 omnes
353 3134 457 3196 Roma
478 3133 573 3194 decus
594 3132 701 3213 magni
722 3153 803 3214 quos
823 3129 951 3212 suspicit
972 3127 1065 3190 orbis.

270 3369 309 3416 33²
319 3357 444 3402 metuenda
454 3357 557 3408 (ranolea
573 3354 698 3407 Vossianus)
724 3366 764 3413 333
776 3354 936 3413 pollentesque
962 3356 1001 3411 334
1010 3365 1081 3409 gener
1090 3351 1173 3410 amplis

219 3425 291 3471 atride
324 3437 364 3484 337
377 3425 468 3482 gravius
507 3423 593 3470 furenti
633 3434 672 3480 340
685 3435 761 3479 neque
774 3422 883 3481 propriae
917 3425 957 3474 842
972 3421 1045 3465 decue
1063 3427 1174 3473 excerpta.-

219 3495 278 3540 deus
317 3507 356 3552 343
374 3508 430 3552 argo
444 3502 565 3552 repetens
609 3503 647 3550 345
665 3491 694 3535 td
708 3491 784 3536 undae
828 3492 868 3550 346
880 3491 940 3536 iacta
983 3491 1095 3548 351s0us
1126 3490 1173 3534 mi·

219 3571 305 3609 nentur
343 3574 383 3621 352
402 3577 458 3609 uere
506 3565 578 3609 letum
625 3572 664 3618 355
684 3573 784 3618 ereaque
822 3562 862 3620 356
880 3568 1001 3619 perempta
1040 3559 1079 3618 358
1097 3558 1173 3604 sident

219 3632 259 3691 360
272 3632 349 3678 emnia
392 3633 488 3690 suscipit
